
% This is an example of a string: this is the way you do variables in BiBTex
% @string{variable_name="string the variable_name refers to"}
@string{aij= "Artificial Intelligence"}



% This is an example of a URL reference
% Note you should try to identify authorship of web resources
% Also note you should include the date you last accessed the page.
@MISC{Roborealm,
author = {Various},
title = {Robo Realm},
month = Aug,
year = {2012},
howpublished={\url{http://www.roborealm.com/tutorial/Obstacle_Avoidance/}},
note={Accessed October 2012},
annote={Tutorial on obstacle avoidance using a camera}
}

@MISC{rpi-python,
author = {Various},
title = {Getting Started with Raspberry Pi GPIO and Python},
month = Aug,
year = {2012},
howpublished={\url{http://lwk.mjhosting.co.uk/?p=343}},
note={Accessed 19 October 2012},
annote={How to use Python on a Raspberry Pi to control the general purpose input output pins on the board}
}

@MISC{arduino-coms,
author = {Various},
title = {I2C communication between two Arduino boards},
month = Aug,
year = {2012},
howpublished={\url{http://absences.sofianaudry.com/node/10}},
note={Accessed 20 October 2012},
annote={Details on how to get two arduino development boards to communicate with each other, I intend to use this to be able to offhand tasks to another board, such as driving motors independantly from the sensor processing}
}

@MISC{github,
author = {Tom Preston-Werner, Chris Wanstrath, PJ Hyett},
title = {Github},
month = ,
year = {2008},
howpublished = {\url{http://github.com}},
note = {Accessed 10 October 2012},
annote = {Git version control reposity hosting service with statistics}
}
